@inproceedings{DBLP:conf/sigir/0001C0Z18,
  author    = {Ming Gao and
               Leihui Chen and
               Xiangnan He and
               Aoying Zhou},
  title     = {BiNE: Bipartite Network Embedding},
  booktitle = {The 41st International {ACM} {SIGIR} Conference on Research {\&} Development
               in Information Retrieval, {SIGIR} 2018, Ann Arbor, MI, USA, July 08-12,
               2018},
  pages     = {715--724},
  year      = {2018},
  crossref  = {DBLP:conf/sigir/2018},
  url       = {https://doi.org/10.1145/3209978.3209987},
  doi       = {10.1145/3209978.3209987},
  timestamp = {Wed, 21 Nov 2018 12:44:04 +0100},
  biburl    = {https://dblp.org/rec/bib/conf/sigir/0001C0Z18},
  bibsource = {dblp computer science bibliography, https://dblp.org}
}

@proceedings{DBLP:conf/sigir/2018,
  editor    = {Kevyn Collins{-}Thompson and
               Qiaozhu Mei and
               Brian D. Davison and
               Yiqun Liu and
               Emine Yilmaz},
  title     = {The 41st International {ACM} {SIGIR} Conference on Research {\&} Development
               in Information Retrieval, {SIGIR} 2018, Ann Arbor, MI, USA, July 08-12,
               2018},
  publisher = {{ACM}},
  year      = {2018},
  url       = {http://dl.acm.org/citation.cfm?id=3209978},
  timestamp = {Mon, 02 Jul 2018 07:52:13 +0200},
  biburl    = {https://dblp.org/rec/bib/conf/sigir/2018},
  bibsource = {dblp computer science bibliography, https://dblp.org}
}

